@techreport{eidma,
    author = "F.M.J. Willems and Tj. J. Tjalkens",
    title = "Complexity Reduction of the Context-Tree Weighting Algorithm: A Study for KPN Research",
    institution = "Technical University of Eindhoven",
    note = "EIDMA Report RS.97.01",
    year = "1997",
}
